<?xml version="1.0" encoding="UTF-8"?><collection xmlns="http://www.loc.gov/MARC21/slim"><record><leader>00403nam--2200169-i-4500</leader><controlfield tag="001">000023858</controlfield><controlfield tag="002">20161230</controlfield><controlfield tag="005">20170105182634</controlfield><controlfield tag="008">060222s1000------------r-----000-0-eng-d</controlfield><datafield ind1=" " ind2=" " tag="080"><subfield code="a">514.743</subfield></datafield><datafield ind1=" " ind2=" " tag="100"><subfield code="a">Greub, Werner</subfield></datafield><datafield ind1=" " ind2=" " tag="245"><subfield code="a">Multilinear algebra</subfield></datafield><datafield ind1=" " ind2=" " tag="250"><subfield code="a">2nd edition</subfield></datafield><datafield ind1=" " ind2=" " tag="260"><subfield code="a">New York</subfield><subfield code="b">Springer-Verlag</subfield><subfield code="c">1978</subfield></datafield><datafield ind1=" " ind2=" " tag="300"><subfield code="a">VII + 294 p</subfield></datafield><datafield ind1=" " ind2=" " tag="852"><subfield code="a">46913</subfield></datafield><datafield ind1=" " ind2=" " tag="CAT"><subfield code="a">SYS</subfield><subfield code="c">20170105</subfield><subfield code="h">182634</subfield></datafield></record></collection>